@inproceedings{salloum2011dialectal,
  title={Dialectal to standard Arabic paraphrasing to improve Arabic-English statistical machine translation},
  author={Salloum, Wael and Habash, Nizar},
  booktitle={Proceedings of the first workshop on algorithms and resources for modelling of dialects and language varieties},
  pages={10--21},
  year={2011},
  organization={Association for Computational Linguistics}
}

@inproceedings{salloum2013dialectal,
  title={Dialectal arabic to english machine translation: Pivoting through modern standard arabic},
  author={Salloum, Wael and Habash, Nizar},
  booktitle={Proceedings of the 2013 Conference of the North American Chapter of the Association for Computational Linguistics: Human Language Technologies},
  pages={348--358},
  year={2013}
}

@article{mager2018challenges,
  title={Challenges of language technologies for the indigenous languages of the Americas},
  author={Mager, Manuel and Gutierrez-Vasques, Ximena and Sierra, Gerardo and Meza, Ivan},
  journal={arXiv preprint arXiv:1806.04291},
  year={2018}
}

@article{costa2018neural,
  title={A Neural Approach to Language Variety Translation},
  author={Costa-Jussa, Marta R and Zampieri, Marcos and Pal, Santanu},
  journal={arXiv preprint arXiv:1807.00651},
  year={2018}
}

